
@book{wolfgang_kessel_isobipm-gum_2004,
	title = {Die {ISO}/{BIPM}-{GUM} Sicht:Schätzwert \& Messunsicherheit},
	author = {Wolfgang Kessel, Braunschweig},
	date = {2004},
}

@online{noauthor_x-ray_nodate,
	title = {X-ray Data for the Elements},
	url = {https://millenia.cars.aps.anl.gov/xraydb/element/Cr},
	urldate = {2023-03-31},
	file = {X-ray Data for the Elements:/home/bob/Zotero/storage/S8ZHTUV2/Cr.html:text/html},
}

@misc{koller_experimente_nodate,
	title = {Experimente der Atom- und Quantenphysik mit  Röntgenstrahlung  Röntgenfluoreszenzanalyse und  Mooseleysches Gesetz},
	publisher = {Universität Grazd},
	author = {Koller, Georg},
	langid = {german},
	file = {Röntgen-Anleitung-RFA - Nr1.pdf:/home/bob/lab/Flab2/Comptoneffekt_Roentgenfluoreszenzanalyse/pdfs/Röntgen-Anleitung-RFA - Nr1.pdf:application/pdf},
}

@misc{koller_experimente_nodate-1,
	title = {Experimente der Atom- und Quantenphysik mit  Röntgenstrahlung Compton-Effekt: Messung der Energie der  gestreuten Photonen in Abhängigkeit vom  Streuwinkel},
	publisher = {Universität Graz},
	author = {Koller, Georg},
	langid = {german},
	file = {Röntgen-Anleitung-Comptoneffekt.pdf:/home/bob/lab/Flab2/Comptoneffekt_Roentgenfluoreszenzanalyse/pdfs/Röntgen-Anleitung-Comptoneffekt.pdf:application/pdf},
}

@software{newville_xraypyxraydb_2023,
	title = {xraypy/{XrayDB}: 4.5.0},
	rights = {Open Access},
	url = {https://zenodo.org/record/7574459},
	shorttitle = {xraypy/{XrayDB}},
	abstract = {X-ray Reference Data in {SQLite} library, including Python interface},
	version = {4.5.0},
	publisher = {Zenodo},
	author = {Newville, Matt and {EasyXAFS} and Levantino, Matteo and Schlepuetz, Christian and Guenzing, Damian and Rakitin, Maksim and Sang-Woo Kim and Kalvdans},
	urldate = {2023-04-10},
	date = {2023-01-26},
	doi = {10.5281/ZENODO.7574459},
}

@online{noauthor_x-ray_nodate-1,
	title = {X-ray Data for the Elements Molybden},
	url = {https://millenia.cars.aps.anl.gov/xraydb/element/Mo},
	urldate = {2023-04-10},
	file = {X-ray Data for the Elements:/home/bob/Zotero/storage/YEQWP3TN/Mo.html:text/html},
}
